%%% calcium imaging %%%
@article{drouin2015,
	Author = {Emmanuel Drouin and Philippe Piloquet and Yann Péréon},
	Journal = {The Lancet Neurology},
	Pages = {567},
	Title = {The first illustrations of neurons by {Camillo Golgi}},
	Volume = {14},
	Number = {6},
	Year = {2015}}

@article{parker2006,
	Author = {D. Parker},
	Journal = {Philosophical transactions of the Royal Society of London. Series B, Biological sciences},
	Pages = {81 -- 99},
	Title = {Complexities and uncertainties of neuronal network function},
	Volume = {361},
	Number = {1465},
	Year = {2006}}

@article{parker2010,
	Author = {D. Parker},
	Journal = {Philosophical transactions of the Royal Society of London. Series B, Biological sciences},
	Pages = {2315 -- 2328},
	Title = {Neuronal network analyses: premises, promises and uncertainties},
	Volume = {365},
	Number = {1551},
	Year = {2010}}

@incollection{dudai2004,
	author = {Y. Dudai},
	title = {The neurosciences: the danger that we will think that we have understood it all},
	booktitle = {The new brain sciences: perils and prospects},
	year = {2004},
	bookauthor = {bookauthor},
	editor = {S. Rose and D. Rees},
	publisher = {Cambridge University Press},
	location = {Cambridge, UK},
	pages = {167 -- 180}
}

@article{grienberger2012,
	Author = {C. Grienberger and A. Konnerth},
	Journal = {Neuron},
	Pages = {862 -- 885},
	Title = {Imaging calcium in neurons},
	Volume = {73},
	Number = {5},
	Year = {2012}}

@article{paninski2018,
	Author = {Paninski, L., and Cunningham, J. P.},
	Journal = {Current opinion in neurobiology},
	Pages = {232 -- 241},
	Title = {Neural data science: accelerating the experiment-analysis-theory cycle in large-scale neuroscience},
	Volume = {50},
	Year = {2018}}

@incollection{paninski2007,
	title = {Statistical models for neural encoding, decoding, and optimal stimulus design},
	editor = {Paul Cisek and Trevor Drew and John F. Kalaska},
	series = {Progress in Brain Research},
	publisher = {Elsevier},
	volume = {165},
	pages = {493-507},
	year = {2007},
	booktitle = {Computational Neuroscience: Theoretical Insights into Brain Function},
	author = {Liam Paninski and Jonathan Pillow and Jeremy Lewi}
}

@article{wei2019,
	title={A zero-inflated gamma model for post-deconvolved calcium imaging traces},
	url={http://dx.doi.org/10.1101/637652},
	DOI={10.1101/637652},
	publisher={Cold Spring Harbor Laboratory},
	author={Wei, Xue-Xin and Zhou, Ding and Grosmark, Andres and Ajabi, Zaki and Sparks, Fraser and Zhou, Pengcheng and Brandon, Mark and Losonczy, Attila and Paninski, Liam},
	year={2019}
}


%%% calcium chapter 1 %%%
@article{berridge2000,
	Author = {Michael J. Berridge and Peter Lipp and Martin D. Bootman},
	Journal = {Nature Reviews Molecular Cell Biology},
	Pages = {11 -- 21},
	Title = {The versatility and universality of calcium signalling},
	Volume = {1},
	Year = {2000}}

@article{denk1990,
	Author = {W. Denk and J. H. Strickler and W. W. Webb},
	Journal = {Science},
	Pages = {73--76},
	Title = {Two-photon laser scanning fluorescence microscopy},
	Volume = {248},
	Year = {1990}}

@article{dombeck2010,
	Author = {Dombeck, D. A. and Harvey, C. D. and Tian, L. and Looger, L. L. and Tank, D. W.},
	Journal = {Nature Neuroscience},
	Pages = {1433 -- 1440},
	Title = {Functional imaging	of hippocampal place cells at cellular resolution during virtual navigation},
	Volume = {13},
	Year = {2010}}


@article{mukamel2009,
	Author = {Mukamel, E. A. and Nimmerjahn, A. and Schnitzer, M. J. },
	Journal = {Neuron},
	Pages = {747 -- 760},
	Title = {Automated analysis of cellular signals	from large-scale calcium imaging data},
	Volume = {63},
	Number = {6},
	Year = {2009}}

@article{vogelstein2010,
	author = {Joshua T. Vogelstein and Adam M. Packer and Timothy A. Machado and Tanya Sippy and Baktash Babadi and Rafael Yuste and Liam Paninski},
	journal = {Journal of Neurophysiology},
	number = {6},
	pages = {3691-3704},
	title = {Fast nonnegative deconvolution for spike train inference from population calcium imaging},
	volume = {104},
	year = {2010}}

@inproceedings{friedrich2016,
	author = {Johannes Friedrich and Liam Paninski},
	booktitle = {Advances In Neural Information Processing Systems},
	editor = {D.D. Lee and M. Sugiyama and U.V. Luxburg and I. Guyon and R. Garnett},
	location = {Barcelona, Spain},
	month = {12},
	pages = {1984 - 1992},
	title = {Fast Active Set Methods for Online Spike Inference from Calcium Imaging},
	venue = {NIPS 2016},
	year = {2016}}

@article{friedrich2017,
	author = {Johannes Friedrich and Pengcheng Zhou and Liam Paninski},
	journal = {PLOS Computational Biology},
	month = {03},
	number = {3},
	pages = {1 - 26},
	publisher = {Public Library of Science},
	title = {Fast online deconvolution of calcium imaging data},
	volume = {13},
	year = {2017}}

@article{jewell2018,
	author = {Sean Jewell and Daniela Witten},
	journal = {The Annals of Applied Statistics},
	number = {4},
	pages = {2457 - 2482},
	title = {Exact spike train inference via {L0} optimization},
	volume = {12},
	year = {2018}}

@article{jewell2019,
	author = {Jewell, Sean W. and Hocking, Toby Dylan and Fearnhead, Paul and Witten, Daniela M.},
	journal = {Biostatistics},
	month = {02},
	number = {4},
	pages = {709-726},
	title = {Fast nonconvex deconvolution of calcium imaging data},
	volume = {21},
	year = {2019}}

@article{pnevmatikakis2016,
	Author = {Pnevmatikakis, E. A. and Soudry, D. and Gao, Y. and Machado, T. A. and Merel, J. and Pfau, D. and Reardon, T. and Mu, Y. and Lacefield, C. and Yang, W. and Ahrens, M. and Bruno, R. and Jessell, T. M. and Peterka, D. S. and Yuste, R. and Paninski, L.},
	Journal = {Neuron},
	Pages = {285 -- 299},
	Title = {Simultaneous Denoising, Deconvolution, and Demixing of Calcium Imaging Data},
	Volume = {89},
	Number = {2},
	Year = {2016}}

@inproceedings{pnevmatikakis2013,
	author = {E.A. Pnevmatikakis and J. Merel and A. Pakman and L. Paninski},
	booktitle = {In Signals, Systems and Computers},
	location = {Pacific Grove, CA},
	pages = {349 - 353},
	title = {Bayesian spike inference from calcium imaging data},
	venue = {2013 Asilomar Conference},
	year = {2013}}

@misc{allen,
	author = {{Allen Institute for Brain Science}},
	date-modified = {2021-01-18 10:33:47 -0800},
	howpublished = {Available at: http://observatory.brain-map.org/visualcoding},
	title = {Allen Brain Observatory},
	year = {2016}}

@misc{allen_stimulus,
	author = {{Allen Brain Observatory}},
	institution = {{Allen Institute for Brain Science}},
	title = {Technical whitepaper: stimulus set and response analyses},
	howpublished = {Available at: http://help.brain-map.org/display/observatory/Documentation},
	year = {2017}}

@article{vries2020,
	author = {de Vries, Saskia and Lecoq, Jerome and Buice, Michael and Groblewski, Peter and Ocker, Gabriel and Oliver, Michael and Feng, David and Cain, Nicholas and Ledochowitsch, Peter and Millman, Daniel and Roll, Kate and Garrett, Marina and Keenan, Tom and Kuan, Chihchau and Mihalas, Stefan and Olsen, Shawn and Thompson, Carol and Wakeman, Wayne and Waters, Jack and Koch, Christof},
	year = {2020},
	pages = {138-151},
	title = {A large-scale standardized physiological survey reveals functional organization of the mouse visual cortex},
	journal = {Nature neuroscience},
	volume = {23},
	number = {1}
}

%%% Bayesian review %%%

@book{gelman2013,
	title={Bayesian Data Analysis, Third Edition},
	author={Gelman, A. and Carlin, J.B. and Stern, H.S. and Dunson, D.B. and Vehtari, A. and Rubin, D.B.},
	series={Chapman \& Hall/CRC Texts in Statistical Science},
	year={2013},
	publisher={Taylor \& Francis}
}

@article{ferguson1973,
	author = {Thomas S. Ferguson},
	title = {{A Bayesian analysis of some nonparametric problems}},
	volume = {1},
	journal = {The Annals of Statistics},
	number = {2},
	publisher = {Institute of Mathematical Statistics},
	pages = {209 -- 230},
	year = {1973},
	doi = {10.1214/aos/1176342360},
	URL = {https://doi.org/10.1214/aos/1176342360}
}

@article{ferguson1974,
	author = {Thomas S. Ferguson},
	title = {{Prior distributions on spaces of probability measures}},
	volume = {2},
	journal = {The Annals of Statistics},
	number = {4},
	publisher = {Institute of Mathematical Statistics},
	pages = {615 -- 629},
	year = {1974}
}

@article{blackwell1973,
	author = {David Blackwell and James B. MacQueen},
	title = {{Ferguson distributions via Polya urn schemes}},
	volume = {1},
	journal = {The Annals of Statistics},
	number = {2},
	publisher = {Institute of Mathematical Statistics},
	pages = {353 -- 355},
	year = {1973},
	doi = {10.1214/aos/1176342372},
	URL = {https://doi.org/10.1214/aos/1176342372}
}

@article{sethuraman1994,
	author = {Jayaram Sethuraman},
	journal = {Statistica Sinica},
	number = {2},
	pages = {639 -- 650},
	publisher = {Institute of Statistical Science, Academia Sinica},
	title = {A constructive definition of {Dirichlet} priors},
	volume = {4},
	year = {1994}
}

@article{ishwaran2001,
	author = {Hemant Ishwaran and Lancelot F James},
	title = {Gibbs Sampling Methods for Stick-Breaking Priors},
	journal = {Journal of the American Statistical Association},
	volume = {96},
	number = {453},
	pages = {161--173},
	year  = {2001},
	publisher = {Taylor & Francis}
}
@article{walker2007,
	author = { Stephen G. Walker },
	title = {Sampling the {Dirichlet} Mixture Model with Slices},
	journal = {Communications in Statistics - Simulation and Computation},
	volume = {36},
	number = {1},
	pages = {45--54},
	year  = {2007},
	publisher = {Taylor & Francis}	
}


@article{kalli2011,
	Author = {Kalli, M. and Griffin, J.E. and Walker, S.G. },
	Journal = {Statistics and Computing},
	Pages = { 93 -- 105},
	Title = {Slice sampling mixture models},
	Volume = {21},
	Year = {2011}}

@article{nobile2004,
	Author = {Nobile, A.},
	Journal = {The Annals of Statistics},
	Pages = {2044 -- 2073},
	Title = {On the posterior distribution of the number of components in a finite mixture},
	Volume = {32},
	Number = {5},
	Year = {2004}}

@article{nobile2007,
	Author = {Nobile, A. and Fearnside, A.},
	Journal = {Statistics and Computing},
	Pages = {147 -- 162},
	Title = {Bayesian finite mixtures with an unknown number of components: the allocation sampler},
	Volume = {17},
	Year = {2007}}


@article{miller2018,
	author = {Jeffrey W. Miller and Matthew T. Harrison},
	title = {Mixture Models With a Prior on the Number of Components},
	journal = {Journal of the American Statistical Association},
	volume = {113},
	number = {521},
	pages = {340 -- 356},
	year  = {2018},
	publisher = {Taylor & Francis}
}

@article{McCullagh2008,
	author = {Peter McCullagh and Jie Yang},
	title = {{How many clusters?}},
	volume = {3},
	journal = {Bayesian Analysis},
	number = {1},
	publisher = {International Society for Bayesian Analysis},
	pages = {101 -- 120},
	keywords = {cluster process, Dirichlet partition, Gauss-Ewens process, Random sub-clusters, Species-counting model},
	year = {2008},
	doi = {10.1214/08-BA304},
	URL = {https://doi.org/10.1214/08-BA304}
}

@article{richardson1997,
	author = {Richardson, Sylvia. and Green, Peter J.},
	title = {On {Bayesian} Analysis of Mixtures with an Unknown Number of Components (with discussion)},
	journal = {Journal of the Royal Statistical Society: Series B (Statistical Methodology)},
	volume = {59},
	number = {4},
	pages = {731 -- 792},
	year = {1997}
}

@article{malsinerwalli2016,
	Author = {Malsiner-Walli, G. and Fr\"uhwirth-Schnatter, S. and Gr\"un, B. },
	Journal = {Statistics and Computing},
	Pages = {303 -- 324},
	Title = {{Model-based clustering based on sparse finite Gaussian mixtures}},
	Volume = {26},
	Number = {},
	Year = {2016}}

@article{fs2019,
	Author = {Fr\"uhwirth-Schnatter, S. and Malsiner-Walli, G},
	Journal = {Advances in Data Analysis and Classification},
	Pages = {33 -- 64},
	Title = {From here to infinity:	Sparse finite versus {Dirichlet} process mixtures in model-based clustering},
	Volume = {13},
	Year = {2019}}

@misc{fruhwirthschnatter2020,
	title={Generalized mixtures of finite mixtures and telescoping sampling}, 
	author={Sylvia Fr\"uhwirth-Schnatter and Gertraud Malsiner-Walli and Bettina Gr\"un},
	year={2020},
	eprint={2005.09918},
	archivePrefix={arXiv},
	primaryClass={stat.ME}
}

@article{Teh2006,
	author = {Yee Whye Teh and Michael I Jordan and Matthew J Beal and David M Blei},
	title = {Hierarchical {Dirichlet} Processes},
	journal = {Journal of the American Statistical Association},
	volume = {101},
	number = {476},
	pages = {1566 -- 1581},
	year  = {2006},
	publisher = {Taylor & Francis}	
}

@article{rodriguez2008,
	author = {Abel Rodr\'iguez and David B Dunson and Alan E Gelfand},
	title = {The Nested Dirichlet Process},
	journal = {Journal of the American Statistical Association},
	volume = {103},
	number = {483},
	pages = {1131 -- 1154},
	year  = {2008},
	publisher = {Taylor & Francis}
}

@article{camerlenghi2019,
	author = {Federico Camerlenghi and David B. Dunson and Antonio Lijoi and Igor Prünster and Abel Rodríguez},
	title = {{Latent Nested Nonparametric Priors (with Discussion)}},
	volume = {14},
	journal = {Bayesian Analysis},
	number = {4},
	publisher = {International Society for Bayesian Analysis},
	pages = {1303 -- 1356},
	keywords = {Bayesian nonparametrics, completely random measures, dependent nonparametric priors, Heterogeneity, Mixture models, nested processes},
	year = {2019},
	doi = {10.1214/19-BA1169},
	URL = {https://doi.org/10.1214/19-BA1169}
}

@article{denti2021,
	author = {Francesco Denti and Federico Camerlenghi and Michele Guindani and Antonietta Mira},
	title = {A Common Atoms Model for the Bayesian Nonparametric Analysis of Nested Data},
	journal = {Journal of the American Statistical Association},
	pages = {1-12},
	year  = {2021},
	publisher = {Taylor & Francis}	
}

@article{,
	Author = {},
	Journal = {},
	Pages = {},
	Title = {},
	Volume = {},
	Number = {},
	Year = {}}

% Poisson

@article{polson_scott_2013,
	author = {Nicholas G. Polson and James G. Scott and Jesse Windle},
	title = {Bayesian Inference for Logistic Models Using {P\'olya}-Gamma Latent Variables},
	journal = {Journal of the American Statistical Association},
	volume = {108},
	number = {504},
	pages = {1339-1349},
	year  = {2013},
	publisher = {Taylor & Francis}
}


@article{albert_chib_1993,
	author = { James H. Albert and Siddhartha Chib },
	title = {Bayesian Analysis of Binary and Polychotomous Response Data},
	journal = {Journal of the American Statistical Association},
	volume = {88},
	number = {422},
	pages = {669-679},
	year  = {1993},
	publisher = {Taylor & Francis}
}

@article{mitchell1988,
	author = { T. J.  Mitchell  and  J. J. Beauchamp },
	title = {Bayesian Variable Selection in Linear Regression},
	journal = {Journal of the American Statistical Association},
	volume = {83},
	number = {404},
	pages = {1023-1032},
	year  = {1988},
	publisher = {Taylor & Francis}
}

@article{Teerapabolarn2012,
	author = {K. Teerapabolarn },
	title = {The Least Upper Bound on the {Poisson}-Negative Binomial Relative Error},
	journal = {Communications in Statistics - Theory and Methods},
	volume = {41},
	number = {10},
	pages = {1833-1838},
	year  = {2012},
	publisher = {Taylor & Francis}
}

% applicazioni
@article{frome1985,
	author = {Frome, Edward L. and Checkoway, Harvey},
	title = {{Use of Poisson regression models in estimating incidence rates and ratios}},
	journal = {American Journal of Epidemiology},
	volume = {121},
	number = {2},
	pages = {309-323},
	year = {1985},
	month = {02}
}

@inproceedings{chan2009,  
	author={A. B. {Chan} and N. {Vasconcelos}},  
	booktitle={2009 IEEE 12th International Conference on Computer Vision},   
	title={Bayesian {Poisson} regression for crowd counting},   
	year={2009},  
	volume={},  
	number={},  
	pages={545-551}
}


@article{fruhwirth2006,
	author = {Sylvia Fr\"uhwirth-Schnatter and Helga Wagner},
	journal = {Biometrika},
	number = {4},
	pages = {827-841},
	publisher = {[Oxford University Press, Biometrika Trust]},
	title = {Auxiliary Mixture Sampling for Parameter-Driven Models of Time Series of Counts with Applications to State Space Modelling},
	volume = {93},
	year = {2006}
}

@article{fruhwirth2009,
	author = {Sylvia Fr\"uhwirth-Schnatter and Rudolf Fr\"uhwirth and Leonhard Held and Håvard Rue },
	journal = {Statistics and Computing},
	number = {479},
	publisher = {[Oxford University Press, Biometrika Trust]},
	title = {{Improved auxiliary mixture sampling for hierarchical models of non-Gaussian data}},
	volume = {19},
	year = {2009}
}


@article{karlis2005,
	author = "Karlis, D. and Meligkotsidou, L.",
	journal = {Statistics and Computing},
	pages = "255-265",
	title = {{Multivariate Poisson regression with covariance structure}},
	volume = "15",
	year = {2005}
}

@article{bradley2018,
	author = "Bradley, Jonathan R. and Holan, Scott H. and Wikle, Christopher K.",
	doi = "10.1214/17-BA1069",
	journal = "Bayesian Analysis",
	month = "03",
	number = "1",
	pages = "253-310",
	publisher = "International Society for Bayesian Analysis",
	title = "Computationally Efficient Multivariate Spatio-Temporal Models for High-Dimensional Count-Valued Data (with Discussion)",
	volume = "13",
	year = "2018"
}

@article{park2008bayesian,
	title={The {B}ayesian lasso},
	author={Park, Trevor and Casella, George},
	journal={Journal of the American Statistical Association},
	volume={103},
	number={482},
	pages={681--686},
	year={2008},
	publisher={Taylor \& Francis}
}

@article{carvalho2010horseshoe,
	title={The horseshoe estimator for sparse signals},
	author={Carvalho, Carlos M and Polson, Nicholas G and Scott, James G},
	journal={Biometrika},
	volume={97},
	number={2},
	pages={465--480},
	year={2010},
	publisher={Oxford University Press}
}

@ARTICLE{makalic2016horseshoesampler,
	author={E. Makalic and D. F. Schmidt},
	journal={IEEE Signal Processing Letters}, 
	title={A Simple Sampler for the Horseshoe Estimator}, 
	year={2016},
	volume={23},
	number={1},
	pages={179-182}}

@article{vanderpas2017,
	author = {van der Pas, Stéphanie and Szabó, Botond and van der Vaart, Aad},
	title = {{Adaptive posterior contraction rates for the horseshoe}},
	volume = {11},
	journal = {Electronic Journal of Statistics},
	number = {2},
	publisher = {Institute of Mathematical Statistics and Bernoulli Society},
	pages = {3196 -- 3225},
	keywords = {adaptive inference, frequentist Bayes, horseshoe, nearly black vectors, normal means problem, Sparsity},
	year = {2017}
}

@article{nelder1972glm,
	author = {J. A. Nelder and R. W. M. Wedderburn},
	journal = {Journal of the Royal Statistical Society. Series A (General)},
	number = {3},
	pages = {370--384},
	publisher = {[Royal Statistical Society, Wiley]},
	title = {Generalized Linear Models},
	volume = {135},
	year = {1972}
}

@article{Frome1983,
	author = {E. L. Frome},
	journal = {Biometrics},
	number = {3},
	pages = {665--674},
	publisher = {[Wiley, International Biometric Society]},
	title = {The Analysis of Rates Using {Poisson} Regression Models},
	volume = {39},
	year = {1983}
}

@article{lambert1992,
	author = { Diane Lambert },
	title = {Zero-Inflated {Poisson} Regression, With an Application to Defects in Manufacturing},
	journal = {Technometrics},
	volume = {34},
	number = {1},
	pages = {1-14},
	year  = {1992},
	publisher = {Taylor & Francis}
}

@article{Sarath1990,
	author = { Sarath C. Joshua  and  Nicholas J. Garber },
	title = {Estimating truck accident rate and involvements using linear and {Poisson} regression models},
	journal = {Transportation Planning and Technology},
	volume = {15},
	number = {1},
	pages = {41-58},
	year  = {1990},
	publisher = {Routledge}
}

@article{Hutchinson2005,
	author = {Hutchinson, M. Katherine and Holtman, Matthew C.},
	title = {Analysis of count data using {Poisson} regression},
	journal = {Research in Nursing \& Health},
	volume = {28},
	number = {5},
	pages = {408-418},
	year = {2005}
}

@article{Miaou1994,
	title = {The relationship between truck accidents and geometric design of road sections: {Poisson} versus negative binomial regressions},
	author = {Shaw-Pin Miaou},
	journal = {Accident Analysis \& Prevention},
	volume = {26},
	number = {4},
	pages = {471-482},
	year = {1994}
}

@article{Piironen2017,
	author = {Juho Piironen and Aki Vehtari},
	title = {{Sparsity information and regularization in the horseshoe and other shrinkage priors}},
	volume = {11},
	journal = {Electronic Journal of Statistics},
	number = {2},
	publisher = {Institute of Mathematical Statistics and Bernoulli Society},
	pages = {5018 -- 5051},
	year = {2017}
}

@book{robert2010,
	author = {Christian Robert and George Casella},
	title = {{Introducing Monte Carlo methods with R}},
	publisher = {Springer},
	year = {2010}
}

@inproceedings{gelfand1992,
	author = {Gelfand, A. and Dey, Dipak and Chang, Hong},
	title = {Model determination using predictive distributions with implementation via sampling-based-methods (with Discussion)},
	booktitle = {Bayesian Statistics 4},
	year = {1992},
	publisher = {University Press}
}

@article{gelfanddey1994,
	author = {A. E. Gelfand and D. K. Dey},
	journal = {Journal of the Royal Statistical Society. Series B (Methodological)},
	number = {3},
	pages = {501--514},
	publisher = {[Royal Statistical Society, Wiley]},
	title = {Bayesian model choice: asymptotics and exact calculations},
	volume = {56},
	year = {1994}
}

@inbook{ibrahim203,
	author = {Ibrahim, Joseph G. and Chen, Ming-Hui and Sinha, Debajyoti},
	publisher = {American Cancer Society},
	isbn = {9781118445112},
	title = {Bayesian Survival Analysis},
	booktitle = {Wiley StatsRef: Statistics Reference Online},
	chapter = {},
	pages = {},
	year = {2014}
}

@book{geisser1993,
	author = {Geisser, S.},
	year= {1993},
	title={Predictive Inference},
	publisher = {Chapman and Hall/CRC}
}

@article{hastings1970monte,
	author = {W. K. Hastings},
	journal = {Biometrika},
	number = {1},
	pages = {97--109},
	title = {Monte {Carlo} Sampling Methods Using {Markov} Chains and Their Applications},
	volume = {57},
	year = {1970}
}

@article{neal2011mcmc,
	title={{MCMC} using {Hamiltonian} dynamics},
	author={Neal, Radford M},
	journal={Handbook of {M}arkov chain {M}onte {C}arlo},
	volume={2},
	number={11},
	pages={2},
	year={2011}
}

@Misc{stan,
	title = {Stan Modeling Language Users Guide and Reference Manual},
	author = {{Stan Development Team}},
	year = {2021},
	howpublished = {\textsc{url:} \texttt{http://mc-stan.org/}}
}

@article{RCPP,
	author = {Dirk Eddelbuettel and Romain Francois},
	title = {Rcpp: Seamless {R} and {C}++ Integration},
	journal = {Journal of Statistical Software, Articles},
	volume = {40},
	number = {8},
	year = {2011},
	keywords = {},
	issn = {1548-7660},
	pages = {1--18}
}

@article{W,
	author = {Lambert, J. H.},
	title = {Observations variae in Mathesin Puram},
	journal = {Acta Helvitica, physico-mathematico-anatomico-botanico-medica},
	volume = {3},
	year = {1758},
	pages = {128-168}
}

@misc{bpr,
	author = {Laura D'Angelo},
	title = {{bpr: Bayesian Poisson regression}},
	year = {2021},
	howpublished = {\textsc{url:} \texttt{https://CRAN.R-project.org/package=bpr}}
}


%%% fCAM

@article{Brenner2002PhysRevE,
	author = {Brenner, Naama and Agam, Oded and Bialek, William and de Ruyter van Steveninck, Rob},
	date-modified = {2021-01-20 19:33:56 -0800},
	issue = {3},
	journal = {Physical review. E, Statistical, nonlinear, and soft matter physics},
	month = {Sep},
	numpages = {14},
	pages = {031907},
	publisher = {American Physical Society},
	title = {Statistical properties of spike trains: universal and stimulus-dependent aspects},
	volume = {66},
	year = {2002}}

@article{johnson2010,
	author = {Valen E. Johnson and David Rossell},
	journal = {Journal of the Royal Statistical Society: Series B (Statistical Methodology)},
	number = {2},
	pages = {143-170},
	title = {On the use of non-local prior densities in {Bayesian} hypothesis tests},
	volume = {72},
	year = {2010}}

@article{canale2017,
	author = {Canale, A. and Lijoi, A. and Nipoti, B. and Pr{\"u}nster, I.},
	journal = {Biometrika},
	month = {08},
	number = {3},
	pages = {681-697},
	title = {{On the Pitman--Yor process with spike and slab base measure}},
	volume = {104},
	year = {2017}}

@article{spikeandslab2,
	author = {Canale, A. and Lijoi, A. and Nipoti, B. and Pr{\"u}nster, I.},
	journal = {arXiv:2107.10223},
	title = {{Inner spike and slab Bayesian nonparametric models}},
	year = {2021}}

@book{prado2010,
	author = {Prado, Raquel and West, Mike},
	title = {Time Series: Modeling, Computation, and Inference},
	year = {2010},
	isbn = {1420093363},
	publisher = {Chapman and Hall},
	edition = {1st}
}


