%%% introduction %%%
@article{drouin2015,
	Author = {Emmanuel Drouin and Philippe Piloquet and Yann Péréon},
	Journal = {The Lancet Neurology},
	Pages = {567},
	Title = {The first illustrations of neurons by {Camillo Golgi}},
	Volume = {14},
	Number = {6},
	Year = {2015}}


@article{parker2006,
	Author = {D. Parker},
	Journal = {Philosophical transactions of the Royal Society of London. Series B, Biological sciences},
	Pages = {81 -- 99},
	Title = {Complexities and uncertainties of neuronal network function},
	Volume = {361},
	Number = {1465},
	Year = {2006}}

@article{parker2010,
	Author = {D. Parker},
	Journal = {Philosophical transactions of the Royal Society of London. Series B, Biological sciences},
	Pages = {2315 -- 2328},
	Title = {Neuronal network analyses: premises, promises and uncertainties},
	Volume = {365},
	Number = {1551},
	Year = {2010}}

@incollection{dudai2004,
	author = {Y. Dudai},
	title = {The neurosciences: the danger that we will think that we have understood it all},
	booktitle = {The new brain sciences: perils and prospects},
	year = {2004},
	bookauthor = {bookauthor},
	editor = {S. Rose and D. Rees},
	publisher = {Cambridge University Press},
	location = {Cambridge, UK},
	pages = {167 -- 180}
}

@article{grienberger2012,
	Author = {C. Grienberger and A. Konnerth},
	Journal = {Neuron},
	Pages = {862 -- 885},
	Title = {Imaging calcium in neurons},
	Volume = {73},
	Number = {5},
	Year = {2012}}

@article{berridge2000,
	Author = {Michael J. Berridge and Peter Lipp and Martin D. Bootman},
	Journal = {Nature Reviews Molecular Cell Biology},
	Pages = {11 -- 21},
	Title = {The versatility and universality of calcium signalling},
	Volume = {1},
	Year = {2000}}

